<record><leader>00000cas a22000007a 4500</leader><controlfield tag="001">12089255</controlfield><controlfield tag="008">850529d17971797nyuwr ne      0    0eng d</controlfield><datafield ind1=" " ind2=" " tag="010"><subfield code="a">sn 85026199 </subfield></datafield><datafield ind1=" " ind2=" " tag="040"><subfield code="a">NPX</subfield><subfield code="b">eng</subfield><subfield code="c">NPX</subfield><subfield code="d">NYS</subfield><subfield code="d">OCL</subfield><subfield code="d">OCLCG</subfield><subfield code="d">OCLCQ</subfield><subfield code="d">OCLCF</subfield><subfield code="d">OCLCO</subfield></datafield><datafield ind1=" " ind2=" " tag="042"><subfield code="a">msc</subfield></datafield><datafield ind1=" " ind2=" " tag="043"><subfield code="a">n-us-ny</subfield></datafield><datafield ind1="0" ind2=" " tag="130"><subfield code="a">Catskill packet (Catskill, N.Y. : 1797)</subfield></datafield><datafield ind1="1" ind2="4" tag="245"><subfield code="a">The Catskill packet.</subfield></datafield><datafield ind1=" " ind2=" " tag="260"><subfield code="a">Catskill [N.Y.] :</subfield><subfield code="b">Mackay Croswell,</subfield><subfield code="c">1797.</subfield></datafield><datafield ind1=" " ind2=" " tag="300"><subfield code="a">1 v.</subfield></datafield><datafield ind1=" " ind2=" " tag="310"><subfield code="a">Weekly</subfield></datafield><datafield ind1="0" ind2=" " tag="362"><subfield code="a">Vol. 5, no. 1 (Jan. 7, 1797)-v. 5, no. 52 (Dec. 30, 1797).</subfield></datafield><datafield ind1=" " ind2="0" tag="651"><subfield code="a">Catskill (N.Y.)</subfield><subfield code="v">Newspapers.</subfield></datafield><datafield ind1=" " ind2="7" tag="655"><subfield code="a">Newspapers.</subfield><subfield code="2">fast</subfield><subfield code="0">(OCoLC)fst01423814</subfield></datafield><datafield ind1=" " ind2="7" tag="651"><subfield code="a">New York (State)</subfield><subfield code="z">Catskill.</subfield><subfield code="2">fast</subfield><subfield code="0">(OCoLC)fst01222261</subfield></datafield><datafield ind1="1" ind2=" " tag="700"><subfield code="a">Croswell, Mackay,</subfield><subfield code="d">1769-1847.</subfield></datafield><datafield ind1=" " ind2=" " tag="752"><subfield code="a">United States</subfield><subfield code="b">New York</subfield><subfield code="c">Greene</subfield><subfield code="d">Catskill.</subfield></datafield><datafield ind1="0" ind2="0" tag="780"><subfield code="t">Catskill packet, &amp; western mail</subfield><subfield code="w">(DLC)sn 83031451</subfield><subfield code="w">(OCoLC)9849073</subfield></datafield><datafield ind1="0" ind2="0" tag="785"><subfield code="t">Packet (Catskill, N.Y.)</subfield><subfield code="w">(DLC)sn 83031454</subfield><subfield code="w">(OCoLC)9849243</subfield></datafield></record>